<?xml version="1.0" encoding="UTF-8"?><collection xmlns="http://www.loc.gov/MARC21/slim"><record><leader>00393nam--2200121-i-4500</leader><controlfield tag="001">000037097</controlfield><controlfield tag="002">20161230</controlfield><controlfield tag="005">20161230201041</controlfield><controlfield tag="008">060222s1000------------r-----000-0-eng-d</controlfield><datafield ind1=" " ind2=" " tag="080"><subfield code="a">629.785:061.62(44)</subfield></datafield><datafield ind1=" " ind2=" " tag="245"><subfield code="a">Programme spatial francais. raport au cospar  comite mondial de la recherce spatiale. xxv assemsblee</subfield></datafield><datafield ind1=" " ind2=" " tag="260"><subfield code="a">Graz, Centre National D`Etudes Spatiales, 1984. 187 P</subfield></datafield><datafield ind1=" " ind2=" " tag="852"><subfield code="a">72532</subfield></datafield></record></collection>